<?xml version="1.0" encoding="UTF-8"?><collection><record><leader>07455ntm a2200517 a 4500</leader><controlfield tag="001">005968512</controlfield><controlfield tag="003">MiAaHDL</controlfield><controlfield tag="005">20190719000000.0</controlfield><controlfield tag="006">m        d        </controlfield><controlfield tag="007">cr bn ---auaua</controlfield><controlfield tag="008">090323s1764    tu            00| ||ara d</controlfield><datafield tag="035" ind1=" " ind2=" "><subfield code="a">(MiU)005968512</subfield></datafield><datafield tag="035" ind1=" " ind2=" "><subfield code="a">sdr-miu005968512</subfield></datafield><datafield tag="040" ind1=" " ind2=" "><subfield code="a">MiU</subfield><subfield code="c">MiU</subfield></datafield><datafield tag="100" ind1="1" ind2=" "><subfield code="6">880-01</subfield><subfield code="a">Bayḍāwī, ʻAbd Allāh ibn ʻUmar,</subfield><subfield code="d">-1286?</subfield></datafield><datafield tag="245" ind1="1" ind2="0"><subfield code="6">880-02</subfield><subfield code="a">Anwār al-tanzīl wa-asrār al-taʼwīl,</subfield><subfield code="f">[1177, i.e. 1764].</subfield></datafield><datafield tag="260" ind1=" " ind2=" "><subfield code="a">[Erzincan,</subfield><subfield code="c">1764]</subfield></datafield><datafield tag="300" ind1=" " ind2=" "><subfield code="a">584 leaves :</subfield><subfield code="b">paper ;</subfield><subfield code="c">247 x 165 (172 x 90) bound to 246 x 165-175 mm.</subfield></datafield><datafield tag="500" ind1=" " ind2=" "><subfield code="a">Shelfmark: Ann Arbor, University of Michigan, Special Collections Library, Isl. Ms. 7</subfield></datafield><datafield tag="500" ind1=" " ind2=" "><subfield code="a">Origin: As appears in colophon on p.1178, copied by Ḥasbī Sulaymān ibn Aḥmad ibn Ḥasan al-Arzanjānī in Erzincan. Transcription finished mid-Rajab 1177 [January 1764].</subfield></datafield><datafield tag="500" ind1=" " ind2=" "><subfield code="a">Accompanying materials: Roughly ten inserted slips, most carrying glosses, some tipped in, all paginated (see pp.17-18, pp.49-50, pp.51-52, pp.107-108, pp.523-534, pp.885-886, pp.893-894, pp.895-896, pp.1151-1152, pp.1163-1164).</subfield></datafield><datafield tag="500" ind1=" " ind2=" "><subfield code="a">Former shelfmark: British Museum, London "No. 49. Anwar al-tanzil." ; possible former shelfmark on tail of textblock.</subfield></datafield><datafield tag="500" ind1=" " ind2=" "><subfield code="a">Binding: Pasteboards covered in deep red-brown leather ; Type II binding (with flap) ; doublures and interior of flap in brown leather ; upper and lower covers bear large, blind-stamped, scalloped mandorla with symmetrical vegetal composition (compare Déroche class. OSd 9) ; upper and lower doublures carry gold-painted outline of scalloped mandorla with pendants ; along with gold-painted roll border consisting of a series of s-shaped stamps ; sewn in dark blue thread, two stations ; fine chevron endbands in yellow and blue ; in fair condition with some abrasion, staining, ill-fitting flap, etc.</subfield></datafield><datafield tag="500" ind1=" " ind2=" "><subfield code="a">Support: European laid paper in at least two types ; the first type with roughly 9 laid lines per cm. (horizontal) and chain lines spaced 26-28 mm. apart (vertical), watermarks include grapes with initials and crown and "P P [?]" countermark ; a second type with roughly 13 laid lines per cm. (vertical) and chain lines spaced 22 mm. apart (horizontal), watermarks include lion rampant in scrollwork with crown above ; thin, crisp and fairly transluscent, though sturdy.</subfield></datafield><datafield tag="500" ind1=" " ind2=" "><subfield code="a">Decoration: Fine illuminated headpiece (ʻunwān) on fol.1b (p.10) consisting of rectangular piece surmounted by semi-circular piece (dome) ; rectangular piece (surrounded by interlace border in lavender) carries empty gold cartouche flanked by floral vegetal accents in gold on fields of blue; semi-circular piece (set in a well of interlace in blue and black) contains floral motifs in gold and red on fields of blue, bordered in gold, red and blue and surmounted by vertical stalks (tīgh) in blue with red accents ; written area (and margin) of incipit and facing page outlined in gold frame, thereafter written area bordered in red rule-border ; text rubricated with keywords, overlining, sigla other abbreviations, etc. in red.</subfield></datafield><datafield tag="500" ind1=" " ind2=" "><subfield code="a">Script: Naskh ; elegant Turkish / Eastern Anatolian hand ; partially seriffed with right-sloping (nearly horizontal) head-serif appearing often on lām of definite article ; rounded though adhering to baseline (apart from occasional superscripting) ; very slightest effect of tilt to the left.</subfield></datafield><datafield tag="500" ind1=" " ind2=" "><subfield code="a">Layout: Written in 27 lines per page ; frame-ruled.</subfield></datafield><datafield tag="500" ind1=" " ind2=" "><subfield code="a">Collation: ii, V+1 (11), 4 V(51), V+1 (62), V (72), IV+1 (81), 22 V(301), VI (313), 12 V (433), V+1 (444), 14 V (584), iv ; chiefly quinions ; catchwords present ; foliation in black ink, Hindu-Arabic numerals, begins with first folio of text proper, continues with numerous mistakes (e.g. skips ۸۲, repeats ۲۳۷ then skips a leaf, etc.) ; pagination in pencil, Western numerals, supplied during digitization (includes flyleaves and inserts, skips two pages between pp.493-494 and between pp.529-530, drops from p.899 to p.890).</subfield></datafield><datafield tag="500" ind1=" " ind2=" "><subfield code="a">Cololphon: "Authorial," rectangular, reads: "قال المصنف ... قد اتفق اتمام تعليق سواد هذا الكتاب المنطوي على فرائد قواعد ذوي الاباب ... الموسوم بانوار التنزيل واسرار التأويل وهو سبحانه حقيق بان يحقق الرجا" ; "Scribal," rectangular then triangular, reads: "الحمد لله الذي وقفنا بخدمة كتابه المبين ... قد من الله تبارك وتعالى باتمام هذا الكتاب المستطاب بيد الفقير الى رحمة ربه العليم وشفاعة نبيه الكريم حسبي سليمان بن احمد بن حسن الارزنجاني ... بمدينة ارزنجان حماها الله ... في اواسط رجب المبارك لسنة سبع وسبعين ومائة والف ... اعننا الله فيما يحبه ويرضاه لا اله الا الله محمد رسول الله"</subfield></datafield><datafield tag="500" ind1=" " ind2=" "><subfield code="a">Explicit: "من الجنة والناس بيان للوسواس او الذي او متعقلق يتوسوس اي يوسوس في صدورهم من جهة الجن والناس وقيل بيان للناس على ان المراد به ما يعم القبيلتين ... فكانما قرأ الكتب التي انزلها الله تعالى"</subfield></datafield><datafield tag="500" ind1=" " ind2=" "><subfield code="a">Incipit: "الحمد لله الذي نزل الفرقان على عبده ليكون للعالمين نذيرا ... وبعد فان اعظم العلوم مقدارا وارفعها شرفا ومنارا علم التفسير الذي هو رئيس العلوم الدينية ورأسها ومبنى قواعد الشرع واساسها ..."</subfield></datafield><datafield tag="500" ind1=" " ind2=" "><subfield code="a">Title from authorial colophon.</subfield></datafield><datafield tag="500" ind1=" " ind2=" "><subfield code="a">Ms. codex.</subfield></datafield><datafield tag="520" ind1="8" ind2=" "><subfield code="a">Fine copy of al-Bayḍāwī's celebrated commentary on the Qurʼān. Table of contents, listing of commentaries upon the work, and biographical sketch for the author included at opening.</subfield></datafield><datafield tag="538" ind1=" " ind2=" "><subfield code="a">Mode of access: Internet.</subfield></datafield><datafield tag="541" ind1=" " ind2=" "><subfield code="c">Purchase ;</subfield><subfield code="a">Acquired by purchase along with Abdul Hamid Collection (funds donated by Horace Rackham).</subfield><subfield code="d">1924.</subfield></datafield><datafield tag="546" ind1=" " ind2=" "><subfield code="a">Arabic.</subfield></datafield><datafield tag="561" ind1=" " ind2=" "><subfield code="a">Bookplate of British Museum, London on inner front cover, "British Museum, London. No. 49. Anwar al-tanzil." ; circular seal impression with figure of goat/gazelle in purple ink as well as inscription "236" in Western numerals on front flyleaf (p.1) ; on p.1178, circular seal impression (waqf-seal) seemingly dated 1289 [1872 or 3] for the library (كتابخانه / kitābkhānah / kütüphane) of Mīr Ḥājjī ʻAlī Rāshid Arzanjānī (Mir Hacı Ali Raşit Erzincani) reads "وقفت هذا الكتاب كتبخانه مير حاجى على راشد ارزنجانى" ; numerous glosses.</subfield></datafield><datafield tag="630" ind1="0" ind2="0"><subfield code="a">Qurʼan</subfield><subfield code="v">Commentaries</subfield><subfield code="v">Early works to 1800.</subfield></datafield><datafield tag="650" ind1=" " ind2="0"><subfield code="a">Manuscripts, Arabic</subfield><subfield code="z">Michigan</subfield><subfield code="z">Ann Arbor.</subfield></datafield><datafield tag="655" ind1=" " ind2="7"><subfield code="a">Headpieces (layout features)</subfield><subfield code="y">18th century.</subfield><subfield code="2">aat</subfield></datafield><datafield tag="700" ind1="0" ind2=" "><subfield code="6">880-05</subfield><subfield code="a">Ḥasbī Sulaymān ibn Aḥmad ibn Ḥasan al-Arzanjānī,</subfield><subfield code="d">fl. 1764,</subfield><subfield code="e">scribe.</subfield></datafield><datafield tag="773" ind1="0" ind2=" "><subfield code="a">Tiflis Collection.</subfield></datafield><datafield tag="880" ind1="0" ind2=" "><subfield code="6">700-05/</subfield><subfield code="a">حسبى سليمان بن احمد بن حسن الارزنجانى،</subfield><subfield code="e">ناسخ.</subfield></datafield><datafield tag="880" ind1="1" ind2="0"><subfield code="6">245-02/</subfield><subfield code="a">أنوار التنزيل وأسرار التأويل,</subfield><subfield code="f">[1177ه، 1764م]</subfield></datafield><datafield tag="880" ind1="1" ind2=" "><subfield code="6">100-01/</subfield><subfield code="a">بيضاوي، عبد الله بن عمر</subfield></datafield><datafield tag="CID" ind1=" " ind2=" "><subfield code="a">005968512</subfield></datafield><datafield tag="DAT" ind1="0" ind2=" "><subfield code="a">20190719102633.0</subfield><subfield code="b">20190719000000.0</subfield></datafield><datafield tag="DAT" ind1="1" ind2=" "><subfield code="a">20190719090653.0</subfield><subfield code="b">2019-07-19T16:11:06Z</subfield></datafield><datafield tag="DAT" ind1="2" ind2=" "><subfield code="a">2015-10-02T18:00:03Z</subfield></datafield><datafield tag="CAT" ind1=" " ind2=" "><subfield code="a">SDR-MIU</subfield><subfield code="d">EX LIBRIS - ALEPH</subfield><subfield code="l">prepare.pl-004-008</subfield></datafield><datafield tag="FMT" ind1=" " ind2=" "><subfield code="a">BK</subfield></datafield><datafield tag="HOL" ind1=" " ind2=" "><subfield code="0">sdr-miu005968512</subfield><subfield code="a">MiU</subfield><subfield code="b">SDR</subfield><subfield code="c">MIU</subfield><subfield code="p">mdp.39015079104959</subfield><subfield code="s">MIU</subfield><subfield code="1">005968512</subfield></datafield><datafield tag="974" ind1=" " ind2=" "><subfield code="b">MIU</subfield><subfield code="c">MIU</subfield><subfield code="d">20190719</subfield><subfield code="s">lit-dlps-dc</subfield><subfield code="u">mdp.39015079104959</subfield><subfield code="y">1764</subfield><subfield code="r">pd</subfield><subfield code="q">bib</subfield><subfield code="t">non-US bib date1 &lt; 1896</subfield></datafield></record></collection>